<record><leader>00000cas a2200000 a 4500</leader><controlfield tag="001">35039284</controlfield><controlfield tag="008">960708d19181964miuwr ne      0    0eng c</controlfield><datafield ind1=" " ind2=" " tag="010"><subfield code="a">sn 96076799 </subfield></datafield><datafield ind1=" " ind2=" " tag="040"><subfield code="a">MHN</subfield><subfield code="b">eng</subfield><subfield code="c">MHN</subfield><subfield code="d">OCL</subfield><subfield code="d">OCLCQ</subfield><subfield code="d">OCLCO</subfield></datafield><datafield ind1="1" ind2=" " tag="029"><subfield code="a">AU@</subfield><subfield code="b">000012679585</subfield></datafield><datafield ind1=" " ind2=" " tag="042"><subfield code="a">pcc</subfield></datafield><datafield ind1=" " ind2=" " tag="043"><subfield code="a">n-us-mi</subfield></datafield><datafield ind1="0" ind2=" " tag="130"><subfield code="a">Concord news (Concord, Mich. : 1918)</subfield></datafield><datafield ind1="1" ind2="4" tag="245"><subfield code="a">The Concord news.</subfield></datafield><datafield ind1=" " ind2=" " tag="260"><subfield code="a">Concord, Mich. :</subfield><subfield code="b">Frank W. McKenzie</subfield></datafield><datafield ind1=" " ind2=" " tag="300"><subfield code="a">v.</subfield></datafield><datafield ind1=" " ind2=" " tag="310"><subfield code="a">Weekly</subfield></datafield><datafield ind1="1" ind2=" " tag="362"><subfield code="a">Began in 1918.</subfield></datafield><datafield ind1="0" ind2=" " tag="362"><subfield code="a">-v. 93, no. 52 (Oct. 8, 1964).</subfield></datafield><datafield ind1=" " ind2=" " tag="588"><subfield code="a">Description based on: Vol. 42, no. 45 (Sept. 8, 1922).</subfield></datafield><datafield ind1=" " ind2="0" tag="651"><subfield code="a">Concord (Mich.)</subfield><subfield code="v">Newspapers.</subfield></datafield><datafield ind1=" " ind2="0" tag="651"><subfield code="a">Jackson County (Mich.)</subfield><subfield code="v">Newspapers.</subfield></datafield><datafield ind1=" " ind2=" " tag="752"><subfield code="a">United States</subfield><subfield code="b">Michigan</subfield><subfield code="c">Jackson</subfield><subfield code="d">Concord.</subfield></datafield><datafield ind1="0" ind2="0" tag="780"><subfield code="t">Concord independent (Concord, Mich.)</subfield><subfield code="w">(DLC)sn 96076798</subfield><subfield code="w">(OCoLC)35039224</subfield></datafield><datafield ind1="0" ind2="0" tag="785"><subfield code="t">Concord news and Jackson County legal news</subfield><subfield code="w">(DLC)sn 96076800</subfield><subfield code="w">(OCoLC)35039376</subfield></datafield></record>